@article{chmielewskiglobal2019,
  title={The Global Increase in the Socioeconomic Achievement Gap, 1964 to 2015},
  author={Chmielewski, Anna K},
  journal={American Sociological Review},
  pages={0003122419847165},
  year={2019},
  publisher={SAGE Publications Sage CA: Los Angeles, CA}
}

@article{reardon2011,
  title={The widening academic achievement gap between the rich and the poor: New evidence and possible explanations},
  author={Reardon, Sean F},
  journal={Whither opportunity},
  pages={91--116},
  year={2011}
}

@article{marks2006,
  title={Explaining socioeconomic inequalities in student achievement: The role of home and school factors},
  author={Marks, Gary N and Cresswell, John and Ainley, John},
  journal={Educational research and Evaluation},
  volume={12},
  number={02},
  pages={105--128},
  year={2006},
  publisher={Taylor \& Francis},
  keywords = {schapter}
}

@book{broer2019,
  title={Socioeconomic Inequality and Educational Outcomes: Evidence from Twenty Years of TIMSS},
  author={Broer, Markus and Bai, Yifan and Fonseca, Frank},
  volume={5},
  year={2019},
  publisher={Springer}
}

@article{kulic2019,
  title={Social Background and Children's Cognitive Skills: The Role of Early Childhood Education and Care in a Cross-National Perspective},
  author={Kulic, Nevena and Skopek, Jan and Triventi, Moris and Blossfeld, Hans-Peter},
  journal={Annual Review of Sociology},
  volume={45},
  year={2019},
  publisher={Annual Reviews}
}

@article{cunha2006,
  title={Interpreting the evidence on life cycle skill formation},
  author={Cunha, Flavio and Heckman, James J and Lochner, Lance and Masterov, Dimitriy V},
  journal={Handbook of the Economics of Education},
  volume={1},
  pages={697--812},
  year={2006},
  publisher={Elsevier}
}





@Article{campbell2002,
  author    = {Campbell, Frances A and Ramey, Craig T and Pungello, Elizabeth and Sparling, Joseph and Miller-Johnson, Shari},
  title     = {Early childhood education: Young adult outcomes from the Abecedarian Project},
  journal   = {Applied developmental science},
  year      = {2002},
  volume    = {6},
  number    = {1},
  pages     = {42--57},
  keywords  = {fchapter, schapter, tchapter},
  publisher = {Taylor \& Francis},
}


@book{bradbury2015,
  title={Too many children left behind: The US achievement gap in comparative perspective},
  author={Bradbury, Bruce and Corak, Miles and Waldfogel, Jane and Washbrook, Elizabeth},
  year={2015},
  publisher={Russell Sage Foundation}
}

@article{micklewright2006,
  title={Inequality of learning in industrialised countries},
  author={Micklewright, John and Schnepf, Sylke V},
  year={2006},
  publisher={IZA Discussion Paper}
}

@article{vandenberge2006,
  title={Achievement effectiveness and equity: the role of tracking, grade repetition and inter-school segregation},
  author={Vandenberge, Vincent},
  journal={Applied Economics Letters},
  volume={13},
  number={11},
  pages={685--693},
  year={2006},
  publisher={Taylor \& Francis}
}

@article{alvaredo2017,
  title={Global inequality dynamics: New findings from WID. world},
  author={Alvaredo, Facundo and Chancel, Lucas and Piketty, Thomas and Saez, Emmanuel and Zucman, Gabriel},
  journal={American Economic Review},
  volume={107},
  number={5},
  pages={404--09},
  year={2017}
}

@book{milanovic2016,
  title={Global inequality: A new approach for the age of globalization},
  author={Milanovic, Branko},
  year={2016},
  publisher={Harvard University Press}
}

@Book{bernardi2016,
  title     = {Education, occupation and social origin: a comparative analysis of the transmission of socio-economic inequalities},
  publisher = {Edward Elgar Publishing},
  year      = {2016},
  author    = {Bernardi, Fabrizio and Ballarino, Gabriele},
  keywords  = {schapter},
}

@article{reardon2016,
  title={Recent trends in income, racial, and ethnic school readiness gaps at kindergarten entry},
  author={Reardon, Sean F and Portilla, Ximena A},
  journal={Aera Open},
  volume={2},
  number={3},
  pages={2332858416657343},
  year={2016},
  publisher={SAGE Publications Sage CA: Los Angeles, CA}
}

@article{chmielewski2016,
  title={Patterns of cross-national variation in the association between income and academic achievement},
  author={Chmielewski, Anna K and Reardon, Sean F},
  journal={AERA Open},
  volume={2},
  number={3},
  pages={2332858416649593},
  year={2016},
  publisher={SAGE Publications Sage CA: Los Angeles, CA}
}

@article{duru2005,
  title={Organisation and context, efficiency and equity of educational systems: What PISA tells us},
  author={Duru-Bellat, Marie and Suchaut, Bruno},
  journal={European Educational Research Journal},
  volume={4},
  number={3},
  pages={181--194},
  year={2005},
  publisher={SAGE Publications Sage UK: London, England}
}

@book{beaton1996,
  title={Mathematics Achievement in the Middle School Years. IEA's Third International Mathematics and Science Study (TIMSS).},
  author={Beaton, Albert E and others},
  year={1996},
  publisher={ERIC},
  keywords = {schapter}
}


@Book{magnuson2008,
  title     = {Steady gains and stalled progress: Inequality and the Black-White test score gap},
  publisher = {Russell Sage Foundation},
  year      = {2008},
  author    = {Magnuson, Katherine and Waldfogel, Jane},
  keywords  = {schapter},
}

@article{dupriez2006,
  title={Inequalities in school systems: effect of school structure or of society structure?},
  author={Dupriez, Vincent and Dumay, Xavier},
  journal={Comparative education},
  volume={42},
  number={02},
  pages={243--260},
  year={2006},
  publisher={Taylor \& Francis},
  keywords = {schapter}
}

@article{reardon2008,
  title={Patterns and trends in racial/ethnic and socioeconomic academic achievement gaps},
  author={Reardon, Sean F and Robinson, Joseph P and Weathers, Ericka S},
  journal={Handbook of research in education finance and policy},
  pages={497--516},
  year={2008},
  publisher={Routledge New York, NY},
  keywords = {schapter}
}

@Article{werfhorst_mijs,
  author    = {Van de Werfhorst, Herman G and Mijs, Jonathan JB},
  title     = {Achievement inequality and the institutional structure of educational systems: A comparative perspective},
  journal   = {Annual review of sociology},
  year      = {2010},
  volume    = {36},
  pages     = {407--428},
  keywords  = {schapter},
  publisher = {Annual Reviews},
}

@Article{campbell2002,
  author    = {Campbell, Frances A and Ramey, Craig T and Pungello, Elizabeth and Sparling, Joseph and Miller-Johnson, Shari},
  title     = {Early childhood education: Young adult outcomes from the Abecedarian Project},
  journal   = {Applied developmental science},
  year      = {2002},
  volume    = {6},
  number    = {1},
  pages     = {42--57},
  keywords  = {fchapter, schapter, tchapter},
  publisher = {Taylor \& Francis},
}

@Article{hanushek_woesmann_tracking,
  author    = {Hanushek, Eric and others},
  title     = {Does educational tracking affect performance and inequality? Differences-in-differences evidence across countries},
  journal   = {The Economic Journal},
  year      = {2006},
  volume    = {116},
  number    = {510},
  pages     = {C63--C76},
  keywords  = {schapter},
  publisher = {Wiley Online Library},
}

@techreport{hanushek2019,
  title={The Unwavering SES Achievement Gap: Trends in US Student Performance},
  author={Hanushek, Eric A and Peterson, Paul E and Talpey, Laura M and Woessmann, Ludger},
  year={2019},
  institution={National Bureau of Economic Research}
}

@Book{bruns2011,
  title     = {Making Schools Work: New Evidence on Accountability Reforms},
  publisher = {World Bank Publishing},
  year      = {2011},
  author    = {Bruns, Barbara and Filmer, Deon and Patrinos, Harry Anthony},
  isbn      = {0821386794},
  date      = {2011-02-11},
  ean       = {9780821386798},
  keywords  = {introduction, tchapter, fchapter, conclusion, conclusion},
  pagetotal = {251},
  url       = {https://www.ebook.de/de/product/14536372/barbara_bruns_deon_filmer_harry_anthony_patrinos_making_schools_work_new_evidence_on_accountability_reforms.html},
}

@book{gropello2006,
  title={A comparative analysis of school-based management in Central America},
  author={Di Gropello, Emanuela},
  number={72},
  year={2006},
  keywords  = {introduction, fchapter},
  publisher={World Bank Publications}
}

@article{hanushek2013,
  title={Does school autonomy make sense everywhere? Panel estimates from PISA},
  author={Hanushek, Eric A and Link, Susanne and Woessmann, Ludger},
  journal={Journal of Development Economics},
  volume={104},
  pages={212--232},
  year={2013},
  publisher={Elsevier}
}

@article{ammermuller2005,
  title={Educational opportunities and the role of institutions},
  author={Ammerm{\"u}ller, Andreas},
  journal={ZEW-Centre for European Economic Research Discussion Paper},
  number={05-044},
  year={2005}
}

@article{gamoran1987,
  title={The effects of stratification in secondary schools: Synthesis of survey and ethnographic research},
  author={Gamoran, Adam and Berends, Mark},
  journal={Review of educational research},
  volume={57},
  number={4},
  pages={415--435},
  year={1987},
  publisher={Sage Publications Sage CA: Thousand Oaks, CA}
}

@article{hattie2002,
  title={Classroom composition and peer effects},
  author={Hattie, John AC},
  journal={International Journal of educational research},
  volume={37},
  number={5},
  pages={449--481},
  year={2002},
  publisher={Elsevier}
}

@article{letendre2003,
  title={What is tracking? Cultural expectations in the United States, Germany, and Japan},
  author={LeTendre, Gerald K and Hofer, Barbara K and Shimizu, Hidetada},
  journal={American Educational Research Journal},
  volume={40},
  number={1},
  pages={43--89},
  year={2003},
  publisher={Sage Publications}
}

@article{stevenson1991,
  title={State control of the curriculum and classroom instruction},
  author={Stevenson, David Lee and Baker, David P},
  journal={Sociology of Education},
  pages={1--10},
  year={1991},
  publisher={JSTOR}
}

@InProceedings{ganzeboom2010,
  author    = {Ganzeboom, Harry BG},
  title     = {A new International Socio-Economic Index (ISEI) of occupational status for the International Standard Classification of Occupation 2008 (ISCO-08) constructed with data from the ISSP 2002-2007},
  booktitle = {Annual Conference of International Social Survey Programme, Lisbon},
  year      = {2010},
  volume    = {1},
  keywords  = {schapter},
}

@Article{ganzeboom1996,
  author    = {Ganzeboom, Harry BG and Treiman, Donald J},
  title     = {Internationally comparable measures of occupational status for the 1988 International Standard Classification of Occupations},
  journal   = {Social science research},
  year      = {1996},
  volume    = {25},
  number    = {3},
  pages     = {201--239},
  keywords  = {schapter},
  publisher = {Elsevier},
}

@Article{erikson1979,
  author    = {Erikson, Robert and Goldthorpe, John and Portocarero, Lucienne},
  title     = {Intergenerational class mobility in three Western European societies: England, France and Sweden},
  journal   = {The British Journal of Sociology},
  year      = {1979},
  volume    = {30},
  number    = {4},
  pages     = {415--441},
  keywords  = {schapter},
  publisher = {JSTOR},
}

@Book{oecd_glance_2002,
  title     = {Education At A Glance: OECD Indicators 2002},
  publisher = {OECD Publishing},
  year      = {2002},
  author    = {OECD},
  isbn      = {9264198903},
  keywords  = {schapter},
}

@misc{oecd2009_sd,
  title={PISA data analysis manual: SAS 2nd edition},
  author={OECD.},
  year={2009},
  publisher={OECD Paris, France},
  keywords = {schapter}
}

@Book{pisa_2015_results,
  title     = {PISA 2015 Results (Volume I)},
  publisher = {OECD Publishing},
  year      = {2016},
  author    = {OECD},
  month     = {12},
  keywords  = {schapter},
}


@Book{pisa2012_technical,
  title     = {PISA 2009 Technical Report},
  publisher = {OECD Publishing},
  year      = {2012},
  author    = {OECD},
  month     = {3},
  keywords  = {schapter},
}

@Article{wu2005,
  author    = {Wu, Margaret},
  title     = {The role of plausible values in large-scale surveys},
  journal   = {Studies in Educational Evaluation},
  year      = {2005},
  volume    = {31},
  number    = {2-3},
  pages     = {114--128},
  keywords  = {schapter},
  publisher = {Elsevier},
}

@book{gelman2006,
  title={Data analysis using regression and multilevel/hierarchical models},
  author={Gelman, Andrew and Hill, Jennifer},
  year={2006},
  publisher={Cambridge university press},
  keywords={tchapter},
}


